@Article{Education,
  author = {IBM Cloud Education},
  date   = {2020},
  title  = {Natural Language Processing (NLP)},
  url    = {https://www.ibm.com/cloud/learn/natural-language-processing},
}

@Article{Sheikh2022,
  author       = {Shakeel A. Sheikh and Md Sahidullah and Fabrice Hirsch and Slim Ouni},
  date         = {2022-12},
  journaltitle = {Neurocomputing},
  title        = {Machine learning for stuttering identification: Review, challenges and future directions},
  doi          = {10.1016/j.neucom.2022.10.015},
  pages        = {385--402},
  volume       = {514},
  publisher    = {Elsevier {BV}},
}

@Article{Baevski2020,
  author       = {ALexei Baevski and Alex Conneau and Michael Auli},
  date         = {2020},
  journaltitle = {Facebook AI Blog},
  title        = {Wav2vec 2.0: Learning the structure of speech from raw audio},
  url          = {https://ai.facebook.com/blog/wav2vec-20-learning-the-structure-of-speech-from-raw-audio/},
}

@Misc{https://doi.org/10.48550/arxiv.1910.00716,
  author    = {Han, Kyu J. and Prieto, Ramon and Wu, Kaixing and Ma, Tao},
  date      = {2019},
  title     = {State-of-the-Art Speech Recognition Using Multi-Stream Self-Attention With Dilated 1D Convolutions},
  doi       = {10.48550/ARXIV.1910.00716},
  url       = {https://arxiv.org/abs/1910.00716},
  copyright = {arXiv.org perpetual, non-exclusive license},
  keywords  = {Computation and Language (cs.CL), Sound (cs.SD), Audio and Speech Processing (eess.AS), FOS: Computer and information sciences, FOS: Computer and information sciences, FOS: Electrical engineering, electronic engineering, information engineering, FOS: Electrical engineering, electronic engineering, information engineering},
  publisher = {arXiv},
  year      = {2019},
}

@Article{Grosman2021,
  author       = {Grosman, Jonatas},
  date         = {2021},
  journaltitle = {grosman2021xlsr53-large-dutch},
  title        = {Fine-tuned {XLSR}-53 large model for speech recognition in {D}utch},
  url          = {https://huggingface.co/jonatasgrosman/wav2vec2-large-xlsr-53-dutch},
}

@Article{Boey2008,
  author       = {Ronney Boey},
  date         = {2008},
  journaltitle = {Antwerpen: Universiteit Antwerpen Faculteit Geneeskunde},
  title        = {Stuttering:effects of a social-cognitive behaviour therapy.},
  url          = {https://publicaties.cvst.be/resources/posters/Effects.pdf},
}

@Misc{jonatas_grosman_2022,
  author    = {{Jonatas Grosman}},
  title     = {wav2vec2-large-xlsr-53-dutch (Revision 46f2213)},
  doi       = {10.57967/hf/0203},
  url       = {https://huggingface.co/jonatasgrosman/wav2vec2-large-xlsr-53-dutch},
  publisher = {Hugging Face},
  year      = {2022},
}

@InProceedings{7178964,
  author    = {Panayotov, Vassil and Chen, Guoguo and Povey, Daniel and Khudanpur, Sanjeev},
  booktitle = {2015 IEEE International Conference on Acoustics, Speech and Signal Processing (ICASSP)},
  title     = {Librispeech: An ASR corpus based on public domain audio books},
  doi       = {10.1109/ICASSP.2015.7178964},
  pages     = {5206-5210},
  year      = {2015},
}

@Comment{jabref-meta: databaseType:biblatex;}
